<?xml version="1.0" encoding="UTF-8"?><collection xmlns="http://www.loc.gov/MARC21/slim"><record><leader>00483nam--2200133-i-4500</leader><controlfield tag="001">000042495</controlfield><controlfield tag="002">20161230</controlfield><controlfield tag="005">20161230201043</controlfield><controlfield tag="008">060222s1000------------r-----000-0-eng-d</controlfield><datafield ind1=" " ind2=" " tag="080"><subfield code="a">541.28(043)</subfield></datafield><datafield ind1=" " ind2=" " tag="100"><subfield code="a">Spiridon,Stefania Florina</subfield></datafield><datafield ind1=" " ind2=" " tag="245"><subfield code="a">Efectele chimice ale transfoormarilor nucleare in reactii neizotropice. starile chimice ale iodului rezultat din fisiunea uraniului din azotatul, clorura si bromatul de uranil. teza</subfield></datafield><datafield ind1=" " ind2=" " tag="260"><subfield code="a">Bucuresti, Ifa, 1975. 162 P</subfield></datafield><datafield ind1=" " ind2=" " tag="852"><subfield code="a">28083</subfield></datafield></record></collection>